@book{bressoud2008radical,
  title={A Radical Approach to Lebesgue's Theory of Integration},
  author={Bressoud, D.M.},
  isbn={9780521884747},
  lccn={2007035326},
  series={Classroom resource materials},
  year={2008},
  publisher={Cambridge University Press}
}


@book{ovchinnikov2014measure,
  title={Measure, Integral, Derivative: A Course on Lebesgue's Theory},
  author={Ovchinnikov, S.},
  isbn={9781461471967},
  lccn={2013933999},
  series={Universitext},
  year={2014},
  publisher={Springer New York}
}


@book{stillwell2013real,
  title={The Real Numbers: An Introduction to Set Theory and Analysis},
  author={Stillwell, J.},
  isbn={9783319015774},
  series={Undergraduate Texts in Mathematics},
  year={2013},
  publisher={Springer International Publishing}
}


@book{burk2011lebesgue,
  title={Lebesgue Measure and Integration: An Introduction},
  author={Burk, F.},
  isbn={9781118030981},
  lccn={97006510},
  series={Pure and Applied Mathematics: A Wiley Series of Texts, Monographs and Tracts},
  year={2011},
  publisher={Wiley}
}

@book{hawkins2001lebesgue,
  title={Lebesgue's Theory of Integration: Its Origins and Development: Its Origins and Development},
  author={Hawkins, T.},
  isbn={9780821829639},
  series={Ams Chelsea Publishing Series},
  year={2001},
  publisher={American Mathematical Society}
}


@misc{mazzone,
  title={Introducción a la Topología},
  author={Mazzone, F.},
  note={Notas para la materia del mismo nombre},
  year={2003},
}
@book{bressoud2007radical,
  title={A Radical Approach to Real Analysis},
  author={Bressoud, D.M.},
  isbn={9780883857472},
  lccn={2006933946},
  series={Classroom Resource Materials},
  year={2007},
  publisher={Mathematical Association of America}
}

@book{abbott2002understanding,
  title={Understanding Analysis},
  author={Abbott, S.},
  isbn={9780387950600},
  lccn={00058308},
  series={Undergraduate Texts in Mathematics},
  year={2002},
  publisher={Springer New York}
}

@book{hairer2008analysis,
  title={Analysis by Its History},
  author={Hairer, E. and Wanner, G.},
  isbn={9780387770314},
  lccn={2008925883},
  series={Undergraduate Texts in Mathematics},
  year={2008},
  publisher={Springer New York}
}

